<collection xmlns="http://www.loc.gov/MARC21/slim">
<record>
  <leader>00774nam0a22001931i 450 </leader>
  <controlfield tag="001">IT\ICCU\CNCE\056468</controlfield>
  <controlfield tag="005">20191017000000.0</controlfield>
  <datafield tag="100" ind1=" " ind2=" ">
    <subfield code="a">20040317d1503        0itac0103    ba</subfield>
  </datafield>
  <datafield tag="101" ind1=" " ind2=" ">
    <subfield code="a">ITA</subfield>
  </datafield>
  <datafield tag="102" ind1=" " ind2=" ">
    <subfield code="a">IT</subfield>
  </datafield>
  <datafield tag="200" ind1="1" ind2=" ">
    <subfield code="a">Incomincia il libro vulgare dicto La Spagna in quaranta cantare diviso: dove se tracta le battaglie che fece Carlo Magno in provincia di Spagna</subfield>
  </datafield>
  <datafield tag="210" ind1=" " ind2=" ">
    <subfield code="e">Stampato in Venetia</subfield>
    <subfield code="g">per Christofolo di Pensa</subfield>
    <subfield code="h">1503</subfield>
  </datafield>
  <datafield tag="215" ind1=" " ind2=" ">
    <subfield code="a">102 c.</subfield>
    <subfield code="c">ill.</subfield>
    <subfield code="d">4ʻ</subfield>
  </datafield>
  <datafield tag="500" ind1="1" ind2="1">
    <subfield code="3">IT\ICCU\CNCE\063546</subfield>
    <subfield code="a">℗La ℗Spagna</subfield>
  </datafield>
  <datafield tag="620" ind1=" " ind2=" ">
    <subfield code="a">IT</subfield>
    <subfield code="d">Venezia</subfield>
  </datafield>
  <datafield tag="712" ind1="0" ind2="0">
    <subfield code="a">Pensi, Cristoforo</subfield>
    <subfield code="3">IT\ICCU\CNCT\001080</subfield>
    <subfield code="4">650</subfield>
  </datafield>
  <datafield tag="791" ind1="0" ind2="0">
    <subfield code="a">Pensis, Christophorus de</subfield>
    <subfield code="3">IT\ICCU\CNCT\002480</subfield>
    <subfield code="z">Pensi, Cristoforo</subfield>
  </datafield>
  <datafield tag="791" ind1="0" ind2="0">
    <subfield code="a">Pensa, Christophoro di</subfield>
    <subfield code="3">IT\ICCU\CNCT\002481</subfield>
    <subfield code="z">Pensi, Cristoforo</subfield>
  </datafield>
  <datafield tag="801" ind1=" " ind2="3">
    <subfield code="a">IT</subfield>
    <subfield code="b">ICCU</subfield>
    <subfield code="c">20201115</subfield>
  </datafield>
</record>
</collection>
